
@misc{userguide,
  title = {{EMET 4.1 Users Guide.pdf}},
  howpublished = "\url{http://www.microsoft.com/en-us/download/details.aspx?id=41138}",
  author = "Microsoft",
}

@misc{inside_emet,
  title = {{Inside EMET 4.0}},
  howpublished = "\url{http://recon.cx/2013/slides/Recon2013-Elias%20Bachaalany-Inside%20EMET%204.pdf}",
  author = "Elias Bachaalany"
}

@misc{ropguard_pdf,
  title = {{Runtime Prevention of Return-Oriented Programming Attacks}},
  howpublished = "\url{https://ropguard.googlecode.com/svn/trunk/doc/ropguard.pdf}",
  author = "Ivan Fratric"
}

@misc{ropguard_source,
  title = {{ROPGuard source code}},
  howpublished = "\url{https://code.google.com/p/ropguard/source/browse/}",
  author = "Ivan Fratric"
}


@misc{app_compat,
  title = {{How emet works}},
  howpublished = "\url{http://0xdabbad00.com/2010/09/12/how-emet-works/}",
  author = "0xdabbad00"
}


@misc{emet1_0,
  title = {{Announcing the release of the Enhanced Mitigation Evaluation Toolkit}},
  howpublished = "\url{http://blogs.technet.com/b/srd/archive/2009/10/27/announcing-the-release-of-the-enhanced-mitigation-evaluation-toolkit.aspx}",
  author = "Microsoft"
}

@misc{emet2_0,
  title = {{The Enhanced Mitigation Experience Toolkit 2.0 is Now Available}},
  howpublished = "\url{http://blogs.technet.com/b/srd/archive/2010/09/02/enhanced-mitigation-experience-toolkit-emet-v2-0-0.aspx}",
  author = "Microsoft"
}

@misc{emet2_0_0_3,
  title = {{Updated EMET Version 2.0.0.3 Released}},
  howpublished = "\url{http://blogs.technet.com/b/srd/archive/2010/11/17/emet-update-2-0-0-3-released.aspx}",
  author = "Microsoft"
}

@misc{emet3_0,
  title = {{Introducing EMET v3}},
  howpublished = "\url{http://blogs.technet.com/b/srd/archive/2012/05/15/introducing-emet-v3.aspx}",
  author = "Microsoft"
}


@misc{emet3_5,
  title = {{EMET 3.5 Tech Preview leverages security mitigations from the BlueHat Prize}},
  howpublished = "\url{http://blogs.technet.com/b/srd/archive/2012/07/24/emet-3-5-tech-preview-leverages-security-mitigations-from-the-bluehat-prize.aspx}",
  author = "Microsoft"
}

@misc{emet4_0,
  title = {{EMET 4.0 now available for download}},
  howpublished = "\url{http://blogs.technet.com/b/srd/archive/2013/06/17/emet-4-0-now-available-for-download.aspx}",
  author = "Microsoft"
}


@misc{emet4_1,
  title = {{Introducing Enhanced Mitigation Experience Toolkit (EMET) 4.1}},
  howpublished = "\url{http://blogs.technet.com/b/srd/archive/2013/11/12/introducing-enhanced-mitigation-experience-toolkit-emet-4-1.aspx}",
  author = "Microsoft"
}


@misc{certificate_pinning,
  title = {{EMET 4.0's Certificate Trust Feature}},
  howpublished = "\url{http://blogs.technet.com/b/srd/archive/2013/05/08/emet-4-0-s-certificate-trust-feature.aspx}",
  author = "Microsoft"
}


@misc{defcon_emet_pki,
  title = {{EMET 4.0 PKI Mitigation}},
  howpublished = "\url{https://www.defcon.org/images/defcon-21/dc-21-presentations/Sikka/DEFCON-21-Sikka-EMET-4.0-PKI-Mitigation-Updated.pdf}",
  author = "Neil Sikka"
}

@misc{dep_explained,
  title = {{DEP (Data Execution Prevention) explanation by example}},
  howpublished = "\url{http://0xdabbad00.com/2012/12/07/dep-data-execution-prevention-explanation/}",
  author = "0xdabbad00"
}


@misc{sehop_uninformed,
  title = {{Preventing the Exploitation of SEH Overwrites}},
  howpublished = "\url{http://www.uninformed.org/?v=5&a=2}",
  author = "Matt Miller (skape)"
}

@misc{wehntrust,
  title = {{WehnTrust}},
  howpublished = "\url{http://wehntrust.codeplex.com/}",
  author = "Wehnus from Matt Miller aka skape"
}


@misc{bypass_all_the_things,
  title = {{Bypassing All Of The Things}},
  howpublished = "\url{https://www.exodusintel.com/files/Aaron_Portnoy-Bypassing_All_Of_The_Things.pdf}",
  author = "Aaron Portnoy"
}


@misc{ie11,
  title = {{Exploiting Internet Explorer 11 64-bit on Windows 8.1 Preview}},
  howpublished = "\url{http://ifsec.blogspot.com/2013/11/exploiting-internet-explorer-11-64-bit.html}",
  author = "Ivan Fratric"
}


@misc{LdrHotPatchRoutine,
  title = {{DEP/ASLR bypass without ROP/JIT}},
  howpublished = "\url{http://cansecwest.com/slides/2013/DEP-ASLR%20bypass%20without%20ROP-JIT.pdf}",
  author = "Yang Yu"
}


@misc{emet35_rop_bypass,
  title = {{Bypassing EMET 3.5â€²s ROP Mitigations}},
  howpublished = "\url{https://repret.wordpress.com/2012/08/08/bypassing-emet-3-5s-rop-mitigations/}",
  author = "Shahriyar Jalayeri"
}


@misc{bypass_overflow_protection,
  title = {{Bypassing 3rd Party Windows Buffer Overflow Protection}},
  howpublished = "\url{http://www.phrack.org/issues.html?issue=62&id=5}",
  author = "Jamie Butler and Anonymous1 and Anonymous2"
}


@misc{eaf_bypass,
  title = {{Bypassing Export address table Address Filter (EAF)}},
  howpublished = "\url{http://skypher.com/index.php/2010/11/17/bypassing-eaf/}",
  author = "Skywing"
}

@misc{eaf_bypass_shellcode,
  title = {{w32-msgbox-shellcode.asm}},
  howpublished = "\url{https://code.google.com/p/w32-msgbox-shellcode/source/browse/trunk/w32-msgbox-shellcode.asm}",
  author = "Skywing"
}


@misc{app_compat_ms,
  title = {{Demystifying Shims}},
  howpublished = "\url{http://blogs.technet.com/b/askperf/archive/2011/06/17/demystifying-shims-or-using-the-app-compat-toolkit-to-make-your-old-stuff-work-with-your-new-stuff.aspx}",
  author = "Microsoft"
}


@misc{seh64,
  title = {{Exceptional Behavior - x64 Structured Exception Handling}},
  howpublished = "\url{https://www.osronline.com/article.cfm?article=469}",
  author = "OSR Online"
}


@misc{null_priv1,
  title = {{CVE-2011-1282: User-Mode NULL Pointer Dereference}},
  howpublished = "\url{http://j00ru.vexillium.org/?p=932}",
  author = "j00ru"
}

@misc{null_priv2,
  title = {{ZeroNights 2013 and NTVDM vulnerabilities}},
  howpublished = "\url{http://j00ru.vexillium.org/?p=2179}",
  author = "j00ru"
}


@misc{seh_explanation,
  title = {{Under the Hood: New Vectored Exception Handling in Windows XP}},
  howpublished = "\url{http://msdn.microsoft.com/en-us/magazine/cc301714.aspx}",
  author = "Microsoft"
}


@misc{protty,
  title = {{NT shellcodes prevention demystified}},
  howpublished = "\url{http://www.phrack.org/issues.html?issue=63&id=15}",
  author = "Piotr Bania",
  journal = "Phrack",
  volume = "Volume 0x0b, Issue 0x3f, Phile #0x0f of 0x14"
}



@misc{windows_ionescu,
  title = {{Windows 8 Security and ARM}},
  howpublished = "\url{https://ruxconbreakpoint.com/assets/Uploads/bpx/alex-breakpoint2012.pdf}",
  author = "Alex Ionescu"
}


@misc{bania_eaf,
  title = {{BYPASSING EMET Export Address Table Access Filtering feature}},
  howpublished = "\url{http://piotrbania.com/all/articles/anti_emet_eaf.txt}",
  author = "Piotr Bania"
}


@misc{msdis,
  title = {{msdis.dll}},
  howpublished = "\url{http://www.rsdn.ru/forum/winapi/451589.hot}",
  author = "rsdn.ru"
}


@misc{cve_2013_3906,
  title = {{CVE-2013-3906: a graphics vulnerability exploited through Word documents}},
  howpublished = "\url{http://blogs.technet.com/b/srd/archive/2013/11/05/cve-2013-3906-a-graphics-vulnerability-exploited-through-word-documents.aspx}",
  author = "swiat"
}


@misc{cve_2013_3906_mcafee,
  title = {{Solving the Mystery of the Office Zero Day Exploit and dep}},
  howpublished = "\url{http://blogs.mcafee.com/mcafee-labs/solving-the-mystery-of-the-office-zero-day-exploit-and-dep}",
  author = "McAfee"
}


@misc{kb956607,
  title = {{How to enable SEHOP in Windows operating systems}},
  howpublished = "\url{http://support.microsoft.com/kb/956607}",
  author = "Microsoft"
}


@misc{turktrust,
  title = {{TURKTRUST CA Problems}},
  howpublished = "\url{http://www.securelist.com/en/blog/208194063/TURKTRUST_CA_Problems}",
  author = "Kurt Baumgartner"
}


@misc{ms13_063,
  title = {{Mitigating the LdrHotPatchRoutine DEP/ASLR bypass with MS13-063}},
  howpublished = "\url{http://blogs.technet.com/b/srd/archive/2013/08/12/mitigating-the-ldrhotpatchroutine-dep-aslr-bypass-with-ms13-063.aspx}",
  author = "swiat"
}





% https://www.ernw.de/download/emet/emet_walkthrough_v.1.0_signed.pdf